@article{DBLP:journals/corr/abs-cs-0701021,
	title     = {{Maximizing Vertical Air on a Quarter Pipe}},
	journal   = {University of Washington Math Department},
	year      = {2011},
	ee        = {http://www.math.washington.edu/~morrow/mcm/10756.pdf}
}

@article{forum,
	author    = {SmashtheVan},
	title     = {{Formula's relevant for Downhill Skateboarding}},
	journal   = {Physics Forum},
	year      = {2009},
	ee        = {http://www.physicsforums.com/showthread.php?t=284738}
}
